<record><leader>01439cam a2200373 i 45 0</leader><controlfield tag="001">6772245</controlfield><controlfield tag="003">OCoLC</controlfield><controlfield tag="005">20141126071341.3</controlfield><controlfield tag="008">140430s2015    nyua     b    001 0 eng  </controlfield><datafield ind1=" " ind2=" " tag="010"><subfield code="a">2014017038</subfield></datafield><datafield ind1=" " ind2=" " tag="020"><subfield code="a">9780199390243 (pbk. : alk. paper)</subfield></datafield><datafield ind1=" " ind2=" " tag="020"><subfield code="a">019939024X</subfield><subfield code="q">(pbk. : alk. paper)</subfield></datafield><datafield ind1=" " ind2=" " tag="020"><subfield code="a">9780199390236</subfield><subfield code="q">(cloth : alk. paper)</subfield></datafield><datafield ind1=" " ind2=" " tag="020"><subfield code="a">0199390231</subfield><subfield code="q">(cloth : alk. paper)</subfield></datafield><datafield ind1=" " ind2=" " tag="035"><subfield code="a">ocn878953765</subfield></datafield><datafield ind1=" " ind2=" " tag="040"><subfield code="a">DLC</subfield><subfield code="b">eng</subfield><subfield code="e">rda</subfield><subfield code="c">DLC</subfield><subfield code="d">OCLCO</subfield><subfield code="d">BDX</subfield><subfield code="d">BTCTA</subfield><subfield code="d">YDXCP</subfield><subfield code="d">OCLCQ</subfield><subfield code="d">AESJC</subfield></datafield><datafield ind1=" " ind2=" " tag="042"><subfield code="a">pcc</subfield></datafield><datafield ind1="0" ind2="0" tag="050"><subfield code="a">BL1238.52</subfield><subfield code="b">.J35 2014</subfield></datafield><datafield ind1="0" ind2="0" tag="082"><subfield code="a">181/.45</subfield><subfield code="2">23</subfield></datafield><datafield ind1=" " ind2=" " tag="090"><subfield code="a">BL 1238.52 J35 2014</subfield><subfield code="b">ARDC</subfield></datafield><datafield ind1=" " ind2=" " tag="090"><subfield code="a">BL 1238.52 J35 2015</subfield><subfield code="b">AESJC</subfield></datafield><datafield ind1="1" ind2=" " tag="100"><subfield code="a">Jain, Andrea R.,</subfield><subfield code="e">author.</subfield></datafield><datafield ind1="1" ind2="0" tag="245"><subfield code="a">Selling yoga :</subfield><subfield code="b">from counterculture to pop culture /</subfield><subfield code="c">Andrea R. Jain.</subfield></datafield><datafield ind1=" " ind2="1" tag="264"><subfield code="a">New York :</subfield><subfield code="b">Oxford University Press,</subfield><subfield code="c">[2015].</subfield></datafield><datafield ind1=" " ind2=" " tag="300"><subfield code="a">xx, 240 pages :</subfield><subfield code="b">illustrations ;</subfield><subfield code="c">24 cm.</subfield></datafield><datafield ind1=" " ind2=" " tag="336"><subfield code="a">text</subfield><subfield code="b">txt</subfield><subfield code="2">rdacontent</subfield></datafield><datafield ind1=" " ind2=" " tag="337"><subfield code="a">unmediated</subfield><subfield code="b">n</subfield><subfield code="2">rdamedia</subfield></datafield><datafield ind1=" " ind2=" " tag="338"><subfield code="a">volume</subfield><subfield code="b">nc</subfield><subfield code="2">rdacarrier</subfield></datafield><datafield ind1=" " ind2=" " tag="504"><subfield code="a">Includes bibliographical references (pages [203]-224) and index.</subfield></datafield><datafield ind1=" " ind2=" " tag="596"><subfield code="a">35 49</subfield></datafield><datafield ind1=" " ind2="0" tag="650"><subfield code="a">Yoga</subfield><subfield code="x">Economic aspects.</subfield></datafield><datafield ind1=" " ind2="0" tag="650"><subfield code="a">Popular culture.</subfield></datafield><datafield ind1=" " ind2=" " tag="926"><subfield code="a">BL 1238.52 J35 2015</subfield><subfield code="w">LC</subfield><subfield code="c">1</subfield><subfield code="i">0160000519803</subfield><subfield code="d">3/3/2017</subfield><subfield code="e">3/3/2017</subfield><subfield code="k">ILL_</subfield><subfield code="l">ON_SHELF</subfield><subfield code="m">UASJC</subfield><subfield code="n">3</subfield><subfield code="r">M</subfield><subfield code="s">Y</subfield><subfield code="t">BOOK</subfield><subfield code="u">1/20/2015</subfield></datafield><datafield ind1=" " ind2=" " tag="926"><subfield code="a">BL 1238.52 J35 2014</subfield><subfield code="w">LC</subfield><subfield code="c">1</subfield><subfield code="i">30125302472518</subfield><subfield code="d">1/10/2017</subfield><subfield code="e">1/9/2017</subfield><subfield code="l">FLOOR_2</subfield><subfield code="m">RED_DEER_C</subfield><subfield code="n">1</subfield><subfield code="r">Y</subfield><subfield code="s">Y</subfield><subfield code="t">BOOK</subfield><subfield code="u">2/9/2016</subfield></datafield></record>